<record xmlns="http://www.loc.gov/MARC21/slim" xmlns:xsi="http://www.w3.org/2001/XMLSchema-instance" xsi:schemaLocation="http://www.loc.gov/MARC21/slim http://www.loc.gov/standards/marcxml/schema/MARC21slim.xsd">

  <leader>01974nab a2200181   4500</leader>
  <controlfield tag="005">20160831161849.0</controlfield>
  <controlfield tag="008">160429b2012    cr f|||| |||| 00| 0 spa d</controlfield>
  <datafield tag="090" ind1=" " ind2=" ">
    <subfield code="a">REVIS 06.02.01</subfield>
  </datafield>
  <datafield ind2=" " ind1="1" tag="100">
    <subfield code="9">1650</subfield>
    <subfield code="a">Moreno Ríos, Rosa</subfield>
  </datafield>
  <datafield tag="245" ind1="1" ind2="3">
    <subfield code="a">La sociedad del conocimiento: inclusión o exclusión /</subfield>
    <subfield code="c">Rosa Moreno Ríos, Rosa Amelia Velázquez Martínez</subfield>
  </datafield>
  <datafield ind1=" " ind2=" " tag="260">
    <subfield code="a">San José, Costa Rica :</subfield>
    <subfield code="b">Editorial Universidad de Costa Rica,</subfield>
    <subfield code="c">2012</subfield>
  </datafield>
  <datafield tag="300" ind2=" " ind1=" ">
    <subfield code="a">páginas 79 -89</subfield>
  </datafield>
  <datafield tag="520" ind2=" " ind1=" ">
    <subfield code="a">En la historia de todas las sociedades, el conocmiento ha sido monopolizado por una élite, que lo utiliza para conservar el poder, se crearon limitantes para exluir a la masa de los saberes relevantes que otorgan la supremacía a unos y confían a la mayoría a un trabajo físico o menos remunerado. En la actualidad suege el término Socuedad del Conocimiento para designar a nuestra socuedad; denominación que pareciera poner al alcance de todos tan preciado saber; con este trabajo pretendemos analizar si este beneficio es para todos; o es una forma disfrazada para continuar excluyendo y marginando a una gran parte de la socuedad; ya que la realidad muestra solo a una humanidad que tiene mayor acceso a la información; por la tecnología de la comunicación y el Internet; pero esa información aún debe transformarse en conocimiento utilitario, lo que en realidad existe es una sociedad de la información, que realmente no asegura que se pueda compartir con todos, los beneficios que brinda el conocimiento conductor de las sociedades; únicamente ofrece los saberes necesarios para competir  en un mundo globalizado en donde cada individuo, según sus capacidades y competencias, debe encontrar su lugar.</subfield>
  </datafield>
  <datafield ind2="4" ind1="1" tag="650">
    <subfield code="9">1</subfield>
    <subfield code="a">EDUCACIÓN</subfield>
  </datafield>
  <datafield tag="700" ind1="1" ind2=" ">
    <subfield code="9">1651</subfield>
    <subfield code="a"> Velázquez Martínez, Rosa Amelia</subfield>
  </datafield>
  <datafield ind1="0" ind2=" " tag="773">
    <subfield code="d">San José, Costa Rica : Editorial de la Universidad de Costa Rica, 1997-</subfield>
    <subfield code="o">R0626</subfield>
    <subfield code="t">EDUCACIÓN: Revista de la Universidad de Costa Rica</subfield>
    <subfield code="g">Vol.36, no.2 (jul.-dic., 2012)</subfield>
  </datafield>
  <datafield ind2=" " ind1=" " tag="942">
    <subfield code="2">z</subfield>
    <subfield code="c">10</subfield>
  </datafield>
  <datafield ind2=" " ind1=" " tag="999">
    <subfield code="c">3180</subfield>
    <subfield code="d">3180</subfield>
  </datafield>
</record>